<marc:record xmlns:marc="http://www.loc.gov/MARC21/slim" xmlns:xsi="http://www.w3.org/2001/XMLSchema-instance" xsi:schemaLocation="http://www.loc.gov/MARC21/slim http://www.loc.gov/standards/marcxml/schema/MARC21slim.xsd">
  <marc:leader>     nam a2200253 a 4500</marc:leader>
  <marc:controlfield tag="001">002049857</marc:controlfield>
  <marc:controlfield tag="003">NNU</marc:controlfield>
  <marc:controlfield tag="005">19940725150406.0</marc:controlfield>
  <marc:controlfield tag="007">hduafa015baca</marc:controlfield>
  <marc:controlfield tag="007">hdubfa015baba</marc:controlfield>
  <marc:controlfield tag="007">hdubfa015baaa</marc:controlfield>
  <marc:controlfield tag="008">930104s1889    su      a     000 0 ara d</marc:controlfield>
  <marc:datafield tag="035" ind1="9" ind2=" ">
    <marc:subfield code="a">NYUb11002757</marc:subfield>
  </marc:datafield>
  <marc:datafield tag="035" ind1=" " ind2=" ">
    <marc:subfield code="a">(CStRLIN)NYUG93-B127</marc:subfield>
  </marc:datafield>
  <marc:datafield tag="035" ind1=" " ind2=" ">
    <marc:subfield code="a">GLIS010027572</marc:subfield>
  </marc:datafield>
  <marc:datafield tag="040" ind1=" " ind2=" ">
    <marc:subfield code="a">NjP</marc:subfield>
    <marc:subfield code="c">NjP</marc:subfield>
  </marc:datafield>
  <marc:datafield tag="090" ind1=" " ind2=" ">
    <marc:subfield code="i">01/04/93 CT</marc:subfield>
  </marc:datafield>
  <marc:datafield tag="100" ind1="1" ind2=" ">
    <marc:subfield code="a">Ibn Muqarrab, ʻAlī,</marc:subfield>
    <marc:subfield code="d">1176 or 7-1231 or 2.</marc:subfield>
  </marc:datafield>
  <marc:datafield tag="240" ind1="1" ind2="0">
    <marc:subfield code="a">Dīwān al-shāʻir al-labīb al-fāḍil al-bāriʻ al-adīb Abū ʻAbd Allāh Muḥammad ibn ʻAlī ibn al-Muqarrab ibn al-Manṣūr ibn Muqarrab ibn ʻAlī ibn ʻAbd Allāh ibn Muḥammad ibn Ibrāhīm ibn Muḥammad al-Qalyūnī al-Iḥsāʼī.</marc:subfield>
  </marc:datafield>
  <marc:datafield tag="245" ind1="1" ind2="0">
    <marc:subfield code="a">Hādhā Dīwān al-shāʻir al-labīb al-fāḍil al-bāriʻ al-adīb Abū ʻAbd Allāh Muḥammad ibn ʻAlī ibn al-Muqarrab ibn al-Manṣūr ibn Muqarrab ibn ʻAlī ibn ʻAbd Allāh ibn Muḥammad ibn Ibrāhīm ibn Muḥammad al-Qalyūnī al-Iḥsāʼī.</marc:subfield>
  </marc:datafield>
  <marc:datafield tag="260" ind1=" " ind2=" ">
    <marc:subfield code="a">[Mecca :</marc:subfield>
    <marc:subfield code="b">s.n.,</marc:subfield>
    <marc:subfield code="c">1307 [1889]]</marc:subfield>
  </marc:datafield>
  <marc:datafield tag="300" ind1=" " ind2=" ">
    <marc:subfield code="a">120 p. ;</marc:subfield>
    <marc:subfield code="c">29 cm.</marc:subfield>
  </marc:datafield>
  <marc:datafield tag="950" ind1=" " ind2=" ">
    <marc:subfield code="l">BMAIN</marc:subfield>
    <marc:subfield code="a">PJ7755.I192</marc:subfield>
    <marc:subfield code="b">A17 1889</marc:subfield>
    <marc:subfield code="i">01/04/93 C</marc:subfield>
  </marc:datafield>
  <marc:datafield tag="955" ind1=" " ind2=" ">
    <marc:subfield code="l">BMAIN</marc:subfield>
    <marc:subfield code="c">1</marc:subfield>
    <marc:subfield code="r">016995352</marc:subfield>
    <marc:subfield code="i">01/04/93 C</marc:subfield>
  </marc:datafield>
  <marc:datafield tag="998" ind1=" " ind2=" ">
    <marc:subfield code="a">01/04/93</marc:subfield>
    <marc:subfield code="t">c</marc:subfield>
    <marc:subfield code="s">9114</marc:subfield>
    <marc:subfield code="n">NNU</marc:subfield>
    <marc:subfield code="w">NJPG92B42129</marc:subfield>
    <marc:subfield code="d">01/04/93</marc:subfield>
    <marc:subfield code="c">MG</marc:subfield>
    <marc:subfield code="b">MG</marc:subfield>
    <marc:subfield code="i">930104</marc:subfield>
    <marc:subfield code="l">NYUG</marc:subfield>
  </marc:datafield>
</marc:record>
